@book{cormen2009introduction,
  title={Introduction to Algorithms},
  author={Cormen, Thomas H},
  year={2009},
  publisher={MIT Press}
}

@misc{ Wikipedia,
    author = "Wikipedia",
    title = "Shortest path problem --- Wikipedia{,} The Free Encyclopedia",
    year = "2017",
    howpublished = "\url{https://en.wikipedia.org/w/index.php?title=Shortest_path_problem&oldid=806052520}",
    note = "[Online; accessed 23-October-2017]"
  }

@misc{ WikiSPFA,
    author = "Wikipedia",
    title = "Shortest Path Faster Algorithm --- Wikipedia{,} The Free Encyclopedia",
    year = "2017",
    howpublished = "\url{https://en.wikipedia.org/w/index.php?title=Shortest_Path_Faster_Algorithm&oldid=801345364}",
    note = "[Online; accessed 23-October-2017]"
  }


@article{fredman1987fibonacci,
  title={Fibonacci heaps and their uses in improved network optimization algorithms},
  author={Fredman, Michael L and Tarjan, Robert Endre},
  journal={Journal of the ACM (JACM)},
  volume={34},
  number={3},
  pages={596--615},
  year={1987},
  publisher={ACM}
}

@article{bellman1958routing,
  title={On a routing problem},
  author={Bellman, Richard},
  journal={Quarterly of Applied Mathematics},
  volume={16},
  number={1},
  pages={87--90},
  year={1958}
}

@misc{Shortest38:online,
author = {},
title = {Shortest Paths},
howpublished = {\url{https://algs4.cs.princeton.edu/44sp/}},
month = {},
year = {},
note = {(Accessed on 10/23/2017)}
}

@book{sedgewick2011algorithms,
  title={Algorithms},
  author={Sedgewick, Robert and Wayne, Kevin},
  year={2011},
  publisher={Addison-Wesley Professional}
}

@misc{Shortest73:online,
author = {},
title = {Shortest Path Faster Algorithm - PEGWiki},
howpublished = {\url{http://wcipeg.com/wiki/Shortest_Path_Faster_Algorithm}},
month = {},
year = {},
note = {(Accessed on 10/23/2017)}
}

@misc{Shortest64:online,
author = {},
title = {Shortest path - PEGWiki},
howpublished = {\url{http://wcipeg.com/wiki/Shortest_path#Relaxation}},
month = {},
year = {},
note = {(Accessed on 10/23/2017)}
}
